<collection xmlns="http://www.loc.gov/MARC21/slim">
   <record>
      <leader>03063cam a2200493Ii 4500</leader>
      <controlfield tag="001">6659732</controlfield>
      <controlfield tag="005">20140811093627.9</controlfield>
      <controlfield tag="006">m     o  d        </controlfield>
      <controlfield tag="007">cr |||||||||||</controlfield>
      <controlfield tag="008">140717s2015    moua    ob    001 0 eng d</controlfield>
      <datafield ind1=" " ind2=" " tag="020">
         <subfield code="z">9781455703067</subfield>
      </datafield>
      <datafield ind1=" " ind2=" " tag="020">
         <subfield code="z">1455703060</subfield>
      </datafield>
      <datafield ind1=" " ind2=" " tag="035">
         <subfield code="a">ocn883845161</subfield>
      </datafield>
      <datafield ind1=" " ind2=" " tag="039">
         <subfield code="a">exclude</subfield>
      </datafield>
      <datafield ind1=" " ind2=" " tag="040">
         <subfield code="a">CUX</subfield>
         <subfield code="b">eng</subfield>
         <subfield code="e">rda</subfield>
         <subfield code="e">pn</subfield>
         <subfield code="c">CUX</subfield>
         <subfield code="d">CUX</subfield>
         <subfield code="d">MMU</subfield>
         <subfield code="d">TEF</subfield>
         <subfield code="d">AEU</subfield>
      </datafield>
      <datafield ind1=" " ind2="4" tag="050">
         <subfield code="a">SF778</subfield>
      </datafield>
      <datafield ind1="0" ind2="4" tag="082">
         <subfield code="a">636.0896028</subfield>
         <subfield code="2">23</subfield>
      </datafield>
      <datafield ind1=" " ind2=" " tag="090">
         <subfield code="a">Internet Access</subfield>
         <subfield code="b">AEU</subfield>
      </datafield>
      <datafield ind1="1" ind2=" " tag="100">
         <subfield code="a">Silverstein, Deborah C.,</subfield>
         <subfield code="e">author.</subfield>
         <subfield code="0">http://id.loc.gov/authorities/names/n2008181861</subfield>
         <subfield code="0">http://viaf.org/viaf/53632938</subfield>
      </datafield>
      <datafield ind1="1" ind2="0" tag="245">
         <subfield code="a">Small animal critical care medicine /</subfield>
         <subfield code="c">by Deborah C. Silverstein, DVM, DACVECC, Kate Hopper, BVSc, PhD, DACVECC.</subfield>
      </datafield>
      <datafield ind1=" " ind2=" " tag="250">
         <subfield code="a">Second edition.</subfield>
      </datafield>
      <datafield ind1=" " ind2="1" tag="264">
         <subfield code="a">St. Louis, Mo. :</subfield>
         <subfield code="b">Elsevier/Saunders,</subfield>
         <subfield code="c">2015.</subfield>
      </datafield>
      <datafield ind1=" " ind2=" " tag="300">
         <subfield code="a">1 online resource (1152 pages) :</subfield>
         <subfield code="b">illustrations (chiefly color)</subfield>
      </datafield>
      <datafield ind1=" " ind2=" " tag="336">
         <subfield code="a">text</subfield>
         <subfield code="b">txt</subfield>
         <subfield code="2">rdacontent</subfield>
         <subfield code="0">http://id.loc.gov/vocabulary/contentTypes/txt</subfield>
      </datafield>
      <datafield ind1=" " ind2=" " tag="337">
         <subfield code="a">computer</subfield>
         <subfield code="b">c</subfield>
         <subfield code="2">rdamedia</subfield>
         <subfield code="0">http://id.loc.gov/vocabulary/mediaTypes/c</subfield>
      </datafield>
      <datafield ind1=" " ind2=" " tag="338">
         <subfield code="a">online resource</subfield>
         <subfield code="b">cr</subfield>
         <subfield code="2">rdacarrier</subfield>
         <subfield code="0">http://id.loc.gov/vocabulary/carriers/cr</subfield>
      </datafield>
      <datafield ind1=" " ind2=" " tag="500">
         <subfield code="a">Previous edition: 2009.</subfield>
      </datafield>
      <datafield ind1=" " ind2=" " tag="504">
         <subfield code="a">Includes bibliographical references and index.</subfield>
      </datafield>
      <datafield ind1="0" ind2=" " tag="505">
         <subfield code="a">Key critical care concepts -- Respiratory disorders -- Mechanical ventilation -- Cardiac disorders -- Electrolyte and acid-base disturbances -- Fluid therapy -- Endocrine disorders -- Therapeutic drug overdose -- Neurologic disorders -- Infectious disorders -- Hematologic disorders -- Intraabdominal disorders -- Urogenital disorders -- Nutrition -- Surgical and postoperative conditions -- Trauma -- Anesthesia and pain management -- Environmental emergencies -- Miscellaneous disorders -- Pharmacology -- Monitoring -- Procedures -- ICU design and management.</subfield>
      </datafield>
      <datafield ind1=" " ind2=" " tag="588">
         <subfield code="a">Description based on online resource; title from digital title page (ScienceDirect, viewed on July 18, 2014).</subfield>
      </datafield>
      <datafield ind1=" " ind2=" " tag="596">
         <subfield code="a">44</subfield>
      </datafield>
      <datafield ind1=" " ind2="0" tag="650">
         <subfield code="a">Pet medicine.</subfield>
         <subfield code="0">http://id.loc.gov/authorities/subjects/sh90000958</subfield>
      </datafield>
      <datafield ind1=" " ind2="0" tag="650">
         <subfield code="a">Veterinary critical care.</subfield>
         <subfield code="0">http://id.loc.gov/authorities/subjects/sh85143015</subfield>
      </datafield>
      <datafield ind1="1" ind2="2" tag="650">
         <subfield code="a">Emergencies</subfield>
         <subfield code="x">veterinary.</subfield>
         <subfield code="0">http://id.nlm.nih.gov/mesh/D004630Q000662</subfield>
      </datafield>
      <datafield ind1="2" ind2="2" tag="650">
         <subfield code="a">Cat Diseases.</subfield>
         <subfield code="0">http://id.nlm.nih.gov/mesh/D002371</subfield>
      </datafield>
      <datafield ind1="2" ind2="2" tag="650">
         <subfield code="a">Critical Care</subfield>
         <subfield code="v">methods.</subfield>
         <subfield code="0">http://id.nlm.nih.gov/mesh/D003422Q000379</subfield>
      </datafield>
      <datafield ind1="2" ind2="2" tag="650">
         <subfield code="a">Dog Diseases.</subfield>
         <subfield code="0">http://id.nlm.nih.gov/mesh/D004283</subfield>
      </datafield>
      <datafield ind1="2" ind2="2" tag="650">
         <subfield code="a">Veterinary Medicine</subfield>
         <subfield code="v">methods.</subfield>
         <subfield code="0">http://id.nlm.nih.gov/mesh/D014730Q000379</subfield>
      </datafield>
      <datafield ind1="1" ind2=" " tag="700">
         <subfield code="a">Hopper, Kate,</subfield>
         <subfield code="e">author.</subfield>
         <subfield code="0">http://id.loc.gov/authorities/names/n2008181862</subfield>
         <subfield code="0">http://viaf.org/viaf/272203828</subfield>
      </datafield>
      <datafield ind1=" " ind2=" " tag="758">
         <subfield code="0">http://worldcat.org/entity/work/id/22881306</subfield>
      </datafield>
      <datafield ind1="0" ind2=" " tag="787">
         <subfield code="n">OCLC Work Id</subfield>
         <subfield code="o">http://worldcat.org/entity/work/id/22881306</subfield>
      </datafield>
      <datafield ind1="4" ind2="0" tag="856">
         <subfield code="3">University of Alberta Access</subfield>
         <subfield code="u">http://www.sciencedirect.com/science/book/9781455703067</subfield>
         <subfield code="z">(Unlimited Concurrent Users)</subfield>
      </datafield>
      <datafield ind1=" " ind2=" " tag="949">
         <subfield code="h">UAIN</subfield>
         <subfield code="z">SCIDIRECT</subfield>
      </datafield>
      <datafield ind1=" " ind2=" " tag="926">
         <subfield code="a">Internet Access</subfield>
         <subfield code="w">LC</subfield>
         <subfield code="c">1</subfield>
         <subfield code="i">6659732-1001</subfield>
         <subfield code="l">INTERNET</subfield>
         <subfield code="m">UAINTERNET</subfield>
         <subfield code="r">Y</subfield>
         <subfield code="s">Y</subfield>
         <subfield code="t">E-RESOURCE</subfield>
         <subfield code="u">8/12/2014</subfield>
         <subfield code="x">E-BOOK</subfield>
         <subfield code="z">SCIDIRECT</subfield>
      </datafield>
   </record>
</collection>
